<record><leader>00000cas a22000007a 4500</leader><controlfield tag="001">36107502</controlfield><controlfield tag="008">961218d194719uuokuwr n       0    0eng d</controlfield><datafield ind1=" " ind2=" " tag="010"><subfield code="a">sn 96093302 </subfield></datafield><datafield ind1=" " ind2=" " tag="040"><subfield code="a">OBN</subfield><subfield code="b">eng</subfield><subfield code="c">OBN</subfield><subfield code="d">OCLCQ</subfield><subfield code="d">OCLCO</subfield></datafield><datafield ind1="1" ind2=" " tag="029"><subfield code="a">AU@</subfield><subfield code="b">000013023296</subfield></datafield><datafield ind1=" " ind2=" " tag="042"><subfield code="a">msc</subfield></datafield><datafield ind1="0" ind2="0" tag="245"><subfield code="a">Commerce news-post.</subfield></datafield><datafield ind1="3" ind2=" " tag="246"><subfield code="a">Commerce news post</subfield></datafield><datafield ind1="3" ind2=" " tag="246"><subfield code="a">Oklahoma free lance and the Commerce news post</subfield></datafield><datafield ind1="3" ind2=" " tag="246"><subfield code="a">Commerce news=post</subfield></datafield><datafield ind1=" " ind2=" " tag="260"><subfield code="a">Commerce, Ottawa County, Okla. :</subfield><subfield code="b">C. Allan and Ruth Mathews</subfield></datafield><datafield ind1=" " ind2=" " tag="300"><subfield code="a">v.</subfield></datafield><datafield ind1=" " ind2=" " tag="310"><subfield code="a">Weekly</subfield></datafield><datafield ind1="0" ind2=" " tag="362"><subfield code="a">Vol. 32, no. 50 (Sep. 4, 1947)-</subfield></datafield><datafield ind1=" " ind2="0" tag="651"><subfield code="a">Commerce (Okla.)</subfield><subfield code="v">Newspapers.</subfield></datafield><datafield ind1=" " ind2="0" tag="651"><subfield code="a">Ottawa County (Okla.)</subfield><subfield code="v">Newspapers.</subfield></datafield><datafield ind1=" " ind2=" " tag="752"><subfield code="a">United States</subfield><subfield code="b">Oklahoma</subfield><subfield code="c">Ottawa</subfield><subfield code="d">Commerce.</subfield></datafield><datafield ind1="0" ind2="0" tag="780"><subfield code="t">Oklahoma free lance and Commerce news-post</subfield><subfield code="w">(DLC)sn 96093301</subfield><subfield code="w">(OCoLC)36107466</subfield></datafield></record>